<?xml version="1.0" encoding="UTF-8"?><collection xmlns="http://www.loc.gov/MARC21/slim"><record><leader>00570nam--2200181-i-4500</leader><controlfield tag="001">000036053</controlfield><controlfield tag="002">20161230</controlfield><controlfield tag="005">20161230201040</controlfield><controlfield tag="008">060222s1000------------r-----000-0-eng-d</controlfield><datafield ind1=" " ind2=" " tag="040"><subfield code="a">IFIN-HH</subfield></datafield><datafield ind1=" " ind2=" " tag="080"><subfield code="a">523</subfield></datafield><datafield ind1="1" ind2=" " tag="100"><subfield code="a">Olfe, Daniel B</subfield></datafield><datafield ind1="1" ind2="0" tag="245"><subfield code="a">Radiation and reentry. with contributions by j.c.stewart and l.d.gray. a volume in the reentry physics series, edited by joshua menkes</subfield><subfield code="c">Daniel b. olfe, s.s. penner</subfield></datafield><datafield ind1=" " ind2=" " tag="260"><subfield code="a">New York</subfield><subfield code="b">Academic Press</subfield><subfield code="c">1968</subfield></datafield><datafield ind1=" " ind2=" " tag="300"><subfield code="a">IX + 493P</subfield></datafield><datafield ind1="1" ind2=" " tag="700"><subfield code="a">Penner, S.S</subfield></datafield><datafield ind1=" " ind2=" " tag="852"><subfield code="a">29444</subfield><subfield code="c">523</subfield></datafield><datafield ind1=" " ind2=" " tag="CAT"><subfield code="a">Sys</subfield><subfield code="c">20130829</subfield><subfield code="h">125801</subfield></datafield></record></collection>